@book{LimaCA,
	author = {Elon Lages Lima},
	title = {Curso de an√°lise},
	date = {2016},
	volume = {1},
	edition = {14},
	publisher = {Impa},
	address = {Rio de Janeiro}
}